<record><leader>00000cas a2200000 a 4500</leader><controlfield tag="001">12316979</controlfield><controlfield tag="008">850729d19391942pauwr ne      0    0slo c</controlfield><datafield ind1=" " ind2=" " tag="010"><subfield code="a">sn 85055010 </subfield></datafield><datafield ind1=" " ind2=" " tag="040"><subfield code="a">NPH</subfield><subfield code="b">eng</subfield><subfield code="c">NPH</subfield><subfield code="d">NVF</subfield><subfield code="d">OCLCQ</subfield><subfield code="d">CRL</subfield><subfield code="d">OCLCF</subfield></datafield><datafield ind1="0" ind2=" " tag="041"><subfield code="a">slo</subfield><subfield code="a">eng</subfield></datafield><datafield ind1=" " ind2=" " tag="042"><subfield code="a">pcc</subfield></datafield><datafield ind1=" " ind2=" " tag="043"><subfield code="a">n-us---</subfield></datafield><datafield ind1="0" ind2="0" tag="245"><subfield code="a">Prosvita Sobranija.</subfield></datafield><datafield ind1="1" ind2="3" tag="246"><subfield code="a">Prosvita-enlightenment</subfield></datafield><datafield ind1="1" ind2="3" tag="246"><subfield code="a">Enlightenment</subfield></datafield><datafield ind1=" " ind2=" " tag="260"><subfield code="a">McKeesport, Pa. :</subfield><subfield code="b">United Societies of Gr. C. Religion of the United States of America,</subfield><subfield code="c">1939-1942.</subfield></datafield><datafield ind1=" " ind2=" " tag="300"><subfield code="a">v.</subfield></datafield><datafield ind1=" " ind2=" " tag="310"><subfield code="a">Weekly</subfield></datafield><datafield ind1="0" ind2=" " tag="362"><subfield code="a">R. 30, c&#780;is. 46 (Nov. 16, 1939)-r. 33, c&#780;is. 52 (Dec. 31, 1942).</subfield></datafield><datafield ind1=" " ind2=" " tag="546"><subfield code="a">In Slovak and English.</subfield></datafield><datafield ind1=" " ind2=" " tag="550"><subfield code="a">Official organ of United Societies of Greek Catholic Religion of the United States of America.</subfield></datafield><datafield ind1=" " ind2="0" tag="650"><subfield code="a">Ruthenians</subfield><subfield code="z">United States</subfield><subfield code="v">Newspapers.</subfield></datafield><datafield ind1=" " ind2="7" tag="655"><subfield code="a">Newspapers.</subfield><subfield code="2">fast</subfield><subfield code="0">(OCoLC)fst01423814</subfield></datafield><datafield ind1=" " ind2="7" tag="650"><subfield code="a">Ruthenians.</subfield><subfield code="2">fast</subfield><subfield code="0">(OCoLC)fst01102572</subfield></datafield><datafield ind1=" " ind2="7" tag="651"><subfield code="a">United States.</subfield><subfield code="2">fast</subfield><subfield code="0">(OCoLC)fst01204155</subfield></datafield><datafield ind1="2" ind2=" " tag="710"><subfield code="a">United Societies of Greek Catholic Religion of U.S.A.</subfield></datafield><datafield ind1=" " ind2=" " tag="752"><subfield code="a">United States</subfield><subfield code="b">Pennsylvania</subfield><subfield code="c">Allegheny</subfield><subfield code="d">McKeesport.</subfield></datafield><datafield ind1="0" ind2="0" tag="780"><subfield code="t">Prosvi&#770;ta</subfield><subfield code="w">(DLC)sn 85055012</subfield><subfield code="w">(OCoLC)2266547</subfield></datafield><datafield ind1="0" ind2="0" tag="785"><subfield code="t">Prosvita (McKeesport, Pa. : 1943)</subfield><subfield code="x">1070-2784</subfield><subfield code="w">(DLC)sn 85055011</subfield><subfield code="w">(OCoLC)12316996</subfield></datafield></record>